<?xml version="1.0" encoding="UTF-8"?><collection xmlns="http://www.loc.gov/MARC21/slim"><record><leader>00466nam--2200145-i-4500</leader><controlfield tag="001">000020918</controlfield><controlfield tag="002">20161230</controlfield><controlfield tag="005">20161230201033</controlfield><controlfield tag="008">060222s1000------------r-----000-0-eng-d</controlfield><datafield ind1=" " ind2=" " tag="020"><subfield code="a">92-825-7</subfield></datafield><datafield ind1=" " ind2=" " tag="080"><subfield code="a">621.039.75</subfield></datafield><datafield ind1=" " ind2=" " tag="100"><subfield code="a">Barbara Mickan</subfield></datafield><datafield ind1=" " ind2=" " tag="245"><subfield code="a">Parameters characterizing toxic and hazardous waste disposal sites - management and monitoring</subfield></datafield><datafield ind1=" " ind2=" " tag="260"><subfield code="a">Luxembourg: Office For Official Publications Of The European Communities, 1987 234 P</subfield></datafield><datafield ind1=" " ind2=" " tag="852"><subfield code="a">80215</subfield></datafield></record></collection>